<record><leader>02553cam a2200625 i 4500</leader><controlfield tag="001">6735472</controlfield><controlfield tag="003">OCoLC</controlfield><controlfield tag="005">20160226075331.8</controlfield><controlfield tag="006">m     o  d        </controlfield><controlfield tag="007">cr cnu---unuuu</controlfield><controlfield tag="008">141015t20152015nyua    ob    001 0 eng c</controlfield><datafield ind1="7" ind2=" " tag="016"><subfield code="a">016950068</subfield><subfield code="2">Uk</subfield></datafield><datafield ind1=" " ind2=" " tag="020"><subfield code="a">9781493916610</subfield><subfield code="q">(electronic bk.)</subfield></datafield><datafield ind1=" " ind2=" " tag="020"><subfield code="a">1493916610</subfield><subfield code="q">(electronic bk.)</subfield></datafield><datafield ind1=" " ind2=" " tag="020"><subfield code="a">1493916602</subfield></datafield><datafield ind1=" " ind2=" " tag="020"><subfield code="a">9781493916603</subfield></datafield><datafield ind1=" " ind2=" " tag="020"><subfield code="z">9781493916603</subfield></datafield><datafield ind1="7" ind2=" " tag="024"><subfield code="a">10.1007/978-1-4939-1661-0</subfield><subfield code="2">doi</subfield></datafield><datafield ind1=" " ind2=" " tag="035"><subfield code="a">ocn892968499</subfield></datafield><datafield ind1=" " ind2=" " tag="039"><subfield code="a">exclude</subfield></datafield><datafield ind1=" " ind2=" " tag="040"><subfield code="a">GW5XE</subfield><subfield code="b">eng</subfield><subfield code="e">rda</subfield><subfield code="e">pn</subfield><subfield code="c">GW5XE</subfield><subfield code="d">RML</subfield><subfield code="d">SCB</subfield><subfield code="d">UKMGB</subfield><subfield code="d">YDXCP</subfield><subfield code="d">UWO</subfield><subfield code="d">COO</subfield><subfield code="d">VVL</subfield><subfield code="d">OCLCQ</subfield><subfield code="d">OCLCO</subfield><subfield code="d">AEU</subfield></datafield><datafield ind1=" " ind2=" " tag="042"><subfield code="a">pcc</subfield></datafield><datafield ind1=" " ind2="4" tag="050"><subfield code="a">RC268.5</subfield></datafield><datafield ind1="0" ind2="4" tag="082"><subfield code="a">616.99407</subfield><subfield code="2">22</subfield></datafield><datafield ind1=" " ind2=" " tag="090"><subfield code="a">Internet Access</subfield><subfield code="b">AEU</subfield></datafield><datafield ind1=" " ind2=" " tag="090"><subfield code="a">Internet Access</subfield><subfield code="b">AEU</subfield></datafield><datafield ind1="0" ind2="0" tag="245"><subfield code="a">Apoptosis and cancer :</subfield><subfield code="b">methods and protocols /</subfield><subfield code="c">edited by Gil Mor and Ayesha B. Alvero.</subfield></datafield><datafield ind1=" " ind2=" " tag="250"><subfield code="a">Second edition.</subfield></datafield><datafield ind1=" " ind2="1" tag="264"><subfield code="a">New York :</subfield><subfield code="b">Humana Press,</subfield><subfield code="c">[2015]</subfield></datafield><datafield ind1=" " ind2="4" tag="264"><subfield code="c">&#169;2015</subfield></datafield><datafield ind1=" " ind2=" " tag="300"><subfield code="a">1 online resource (xi, 208 pages) :</subfield><subfield code="b">illustrations (some color).</subfield></datafield><datafield ind1=" " ind2=" " tag="336"><subfield code="a">text</subfield><subfield code="b">txt</subfield><subfield code="2">rdacontent</subfield></datafield><datafield ind1=" " ind2=" " tag="337"><subfield code="a">computer</subfield><subfield code="b">c</subfield><subfield code="2">rdamedia</subfield></datafield><datafield ind1=" " ind2=" " tag="338"><subfield code="a">online resource</subfield><subfield code="2">rdacarrier</subfield></datafield><datafield ind1="1" ind2=" " tag="490"><subfield code="a">Methods in molecular biology,</subfield><subfield code="x">1940-6029 ;</subfield><subfield code="v">v. 1219</subfield></datafield><datafield ind1=" " ind2=" " tag="504"><subfield code="a">Includes bibliographical references and index.</subfield></datafield><datafield ind1=" " ind2=" " tag="506"><subfield code="a">Access restricted to authorized users and institutions.</subfield></datafield><datafield ind1="0" ind2=" " tag="588"><subfield code="a">Online resource; title from PDF title page (SpringerLink, viewed Oct. 15, 2014).</subfield></datafield><datafield ind1=" " ind2=" " tag="596"><subfield code="a">44</subfield></datafield><datafield ind1=" " ind2="0" tag="650"><subfield code="a">Carcinogenesis.</subfield></datafield><datafield ind1=" " ind2="0" tag="650"><subfield code="a">Apoptosis.</subfield></datafield><datafield ind1=" " ind2="0" tag="650"><subfield code="a">Cancer cells.</subfield></datafield><datafield ind1=" " ind2="0" tag="650"><subfield code="a">Tumors</subfield><subfield code="x">Growth</subfield><subfield code="x">Regulation.</subfield></datafield><datafield ind1="1" ind2="2" tag="650"><subfield code="a">Neoplasms</subfield><subfield code="x">etiology</subfield><subfield code="v">Laboratory Manuals.</subfield></datafield><datafield ind1="2" ind2="2" tag="650"><subfield code="a">Apoptosis</subfield><subfield code="x">physiology</subfield><subfield code="v">Laboratory Manuals.</subfield></datafield><datafield ind1="2" ind2="2" tag="650"><subfield code="a">Caspases</subfield><subfield code="v">Laboratory Manuals.</subfield></datafield><datafield ind1="2" ind2="2" tag="650"><subfield code="a">Neoplasms</subfield><subfield code="x">physiopathology</subfield><subfield code="v">Laboratory Manuals.</subfield></datafield><datafield ind1="1" ind2=" " tag="700"><subfield code="a">Mor, Gil,</subfield><subfield code="e">editor.</subfield></datafield><datafield ind1="1" ind2=" " tag="700"><subfield code="a">Alvero, Ayesha B.,</subfield><subfield code="e">editor.</subfield></datafield><datafield ind1=" " ind2="0" tag="830"><subfield code="a">Methods in molecular biology (Clifton, N.J.) ;</subfield><subfield code="v">v. 1219.</subfield><subfield code="x">1064-3745</subfield></datafield><datafield ind1="4" ind2="0" tag="856"><subfield code="3">University of Alberta Access</subfield><subfield code="u">http://link.springer.com/10.1007/978-1-4939-1661-0</subfield><subfield code="z">(Unlimited Concurrent Users)</subfield><subfield code="z">from Springer</subfield></datafield><datafield ind1="4" ind2="0" tag="856"><subfield code="3">University of Alberta Access</subfield><subfield code="u">http://dx.doi.org/10.1007/978-1-4939-1661-0</subfield><subfield code="z">(Unlimited Concurrent Users)</subfield></datafield><datafield ind1=" " ind2=" " tag="949"><subfield code="h">UAIN</subfield><subfield code="z">SPRINGER</subfield></datafield><datafield ind1=" " ind2=" " tag="926"><subfield code="a">Internet Access</subfield><subfield code="w">LC</subfield><subfield code="c">1</subfield><subfield code="i">6735472-1001</subfield><subfield code="l">INTERNET</subfield><subfield code="m">UAINTERNET</subfield><subfield code="r">Y</subfield><subfield code="s">Y</subfield><subfield code="t">E-RESOURCE</subfield><subfield code="u">11/14/2014</subfield><subfield code="x">E-BOOK</subfield><subfield code="z">SPRINGPRO</subfield></datafield><datafield ind1=" " ind2=" " tag="926"><subfield code="a">Internet Access</subfield><subfield code="w">LC</subfield><subfield code="c">2</subfield><subfield code="i">6735472-1002</subfield><subfield code="l">INTERNET</subfield><subfield code="m">UAINTERNET</subfield><subfield code="r">Y</subfield><subfield code="s">Y</subfield><subfield code="t">E-RESOURCE</subfield><subfield code="u">3/7/2016</subfield><subfield code="x">E-BOOK</subfield><subfield code="z">SPRINGER</subfield></datafield></record>